@article{Distribution_2018,
title={The distribution of inelastic dark matter in the Sun},
volume={78},
ISSN={1434-6052},

number={5},
journal={The European Physical Journal C},
publisher={Springer Science and Business Media LLC},
author={Blennow, Mattias and Clementz, Stefan and Herrero-Garcia, Juan},
year={2018},
month=may,
eprint={1802.06880},
archivePrefix={arXiv},
}
%DOI={10.1140/epjc/s10052-018-5863-4},
%url={http://https://arxiv.org/abs/1802.06880v3},

@misc{Magnetic_2024,
	title={Earth-Catalyzed Detection of Magnetic Inelastic Dark Matter with Photons in Large Underground Detectors}, 
	author={Joshua Eby and Patrick J. Fox and Graham D. Kribs},
	year={2024},
	eprint={2312.08478},
	archivePrefix={arXiv},
	primaryClass={hep-ph}
	 
}
%%url={https://arxiv.org/abs/2312.08478},

@article{InelasticFormFactors_2016,
	title={Pinning down inelastic dark matter in the Sun and in direct detection},
	volume={2016},
	ISSN={1475-7516},
	number={04},
	journal={Journal of Cosmology and Astroparticle Physics},
	publisher={IOP Publishing},
	author={Blennow, Mattias and Clementz, Stefan and Herrero-Garcia, Juan},
	year={2016},
	month=apr, pages={004–004} ,
	eprint = {1512.03317},
	archivePrefix={arXiv}
	
}
%url={http://dx.doi.org/10.1088/1475-7516/2016/04/004},
%DOI={10.1088/1475-7516/2016/04/004},

@book{DM_interaction_review_2022,
	title={The Theory of Direct Dark Matter Detection: A Guide to Computations},
	ISBN={9783030952280},
	ISSN={1616-6361},
	
	journal={Lecture Notes in Physics},
	publisher={Springer International Publishing},
	author={Del Nobile, Eugenio},
	eprint = {2104.12785},
	archivePrefix={arXiv}
	year={2022}
}
%url={http://dx.doi.org/10.1007/978-3-030-95228-0},
%DOI={10.1007/978-3-030-95228-0},
@article{EffectiveDM_2013,
	title={The effective field theory of dark matter direct detection},
	volume={2013},
	ISSN={1475-7516},
	
	number={02},
	journal={Journal of Cosmology and Astroparticle Physics},
	publisher={IOP Publishing},
	author={Fitzpatrick, A. Liam and Haxton, Wick and Katz, Emanuel and Lubbers, Nicholas and Xu, Yiming},
	year={2013},
	month=feb, 
	pages={004–004},
	eprint = {1203.3542},
	archivePrefix={arXiv} 
}
%url={http://dx.doi.org/10.1088/1475-7516/2013/02/004},
%DOI={10.1088/1475-7516/2013/02/004},

@article{FFInSun_2015,
	title={Form factors for dark matter capture by the Sun in effective theories},
	volume={2015},
	ISSN={1475-7516},
	number={04},
	journal={Journal of Cosmology and Astroparticle Physics},
	publisher={IOP Publishing},
	author={Catena, Riccardo and Schwabe, Bodo},
	year={2015},
	month=apr, pages={042–042},
	eprint = {1501.03729},
	archivePrefix={arXiv}  
}
%url={http://dx.doi.org/10.1088/1475-7516/2015/04/042},
%DOI={10.1088/1475-7516/2015/04/042},

@article{InelasticFF2_2014,
	title={A model independent approach to inelastic dark matter scattering},
	volume={90},
	ISSN={1550-2368},
	number={9},
	journal={Physical Review D},
	publisher={American Physical Society (APS)},
	author={Barello, G. and Chang, Spencer and Newby, Christopher A.},
	year={2014},
	month=nov,
	eprint = {1409.0536},
	archivePrefix={arXiv}
}
%url={http://dx.doi.org/10.1103/PhysRevD.90.094027},
%DOI={10.1103/physrevd.90.094027},

@article{MathematicaFF_2014,
	title={Weakly interacting massive particle-nucleus elastic scattering response},
	volume={89},
	ISSN={1089-490X},
	
	number={6},
	journal={Physical Review C},
	publisher={American Physical Society (APS)},
	author={Anand, Nikhil and Fitzpatrick, A. Liam and Haxton, W. C.},
	year={2014},
	month=jun,
	eprint = {1308.6288},
	archivePrefix={arXiv}
}
%url={http://dx.doi.org/10.1103/PhysRevC.89.065501},
%DOI={10.1103/physrevc.89.065501},

@article{SolarModel_2017,
	title={A New Generation of Standard Solar Models},
	volume={835},
	ISSN={1538-4357},
	number={2},
	journal={The Astrophysical Journal},
	publisher={American Astronomical Society},
	author={Vinyoles, Núria and Serenelli, Aldo M. and Villante, Francesco L. and Basu, Sarbani and Bergström, Johannes and Gonzalez-Garcia, M. C. and Maltoni, Michele and Peña-Garay, Carlos and Song, Ningqiang},
	year={2017},
	month=jan, pages={202},
	eprint = {1611.09867},
	archivePrefix={arXiv}
}
%url={http://dx.doi.org/10.3847/1538-4357/835/2/202},
%DOI={10.3847/1538-4357/835/2/202},
